<record><leader>00000cas a22000007a 4500</leader><controlfield tag="001">19758464</controlfield><controlfield tag="008">890524d19061920moudn ne      0    0eng d</controlfield><datafield ind1=" " ind2=" " tag="010"><subfield code="a">sn 89066557 </subfield></datafield><datafield ind1=" " ind2=" " tag="040"><subfield code="a">MQN</subfield><subfield code="b">eng</subfield><subfield code="c">MQN</subfield><subfield code="d">OCLCQ</subfield></datafield><datafield ind1=" " ind2=" " tag="042"><subfield code="a">msc</subfield></datafield><datafield ind1="0" ind2="4" tag="245"><subfield code="a">The Cameron daily observer.</subfield></datafield><datafield ind1="3" ind2="0" tag="246"><subfield code="a">Observer</subfield></datafield><datafield ind1="1" ind2="7" tag="246"><subfield code="a">Daily observer</subfield></datafield><datafield ind1=" " ind2=" " tag="260"><subfield code="a">Cameron, Mo. :</subfield><subfield code="b">C.N. Burnham</subfield></datafield><datafield ind1=" " ind2=" " tag="300"><subfield code="a">v.</subfield></datafield><datafield ind1=" " ind2=" " tag="310"><subfield code="a">Daily (except Sun.)</subfield></datafield><datafield ind1="1" ind2=" " tag="362"><subfield code="a">Began in 1906.</subfield></datafield><datafield ind1="0" ind2=" " tag="362"><subfield code="a">-15th year, no. 182 (Nov. 1, 1906) ; vol. 15, no. 183 (Nov. 2, 1906)-v. 29, no. 154 (Sept. 15, 1920).</subfield></datafield><datafield ind1=" " ind2=" " tag="580"><subfield code="a">Weekly ed.: Cameron observer (Cameron, Mo. : 1868).</subfield></datafield><datafield ind1=" " ind2=" " tag="588"><subfield code="a">Description based on: 15th year, no. 110 (July 16, 1906).</subfield></datafield><datafield ind1=" " ind2="4" tag="651"><subfield code="a">Cameron (Mo.)</subfield><subfield code="v">Newspapers.</subfield></datafield><datafield ind1=" " ind2=" " tag="752"><subfield code="a">United States</subfield><subfield code="b">Missouri</subfield><subfield code="c">Clinton</subfield><subfield code="d">Cameron.</subfield></datafield><datafield ind1="1" ind2=" " tag="775"><subfield code="t">Cameron observer (Cameron, Mo. : 1868)</subfield><subfield code="w">(DLC)sn 85033875</subfield></datafield><datafield ind1="0" ind2="0" tag="780"><subfield code="t">Daily observer (Cameron, Mo.)</subfield><subfield code="w">(DLC)sn 89066556</subfield></datafield><datafield ind1="0" ind2="7" tag="785"><subfield code="t">Cameron daily news (Cameron, Mo.)</subfield><subfield code="w">(DLC)sn 89066558</subfield></datafield><datafield ind1="0" ind2="7" tag="785"><subfield code="t">Daily news observer</subfield><subfield code="w">(DLC)sn 89066559</subfield></datafield><datafield ind1="1" ind2=" " tag="029"><subfield code="a">AU@</subfield><subfield code="b">000020555509</subfield></datafield></record>